<?xml version="1.0" encoding="UTF-8"?>
<record xmlns="http://www.loc.gov/MARC21/slim" xmlns:xsi="http://www.w3.org/2001/XMLSchema-instance" xsi:schemaLocation="http://www.loc.gov/MARC21/slim http://www.loc.gov/standards/marcxml/schema/MARC21slim.xsd">
<leader>     nam a22002171a 4500</leader>
<controlfield tag="001">001676868</controlfield>
<controlfield tag="003">NNU</controlfield>
<controlfield tag="005">20061010173152.0</controlfield>
<controlfield tag="008">930507s1950    sy            000 0 ara d</controlfield>
<datafield tag="035" ind1="9" ind2=" ">
<subfield code="a">NYUb12220232</subfield>
</datafield>
<datafield tag="035" ind1=" " ind2=" ">
<subfield code="a">(NNU)NYUb12220232</subfield>
</datafield>
<datafield tag="040" ind1=" " ind2=" ">
<subfield code="c">UPvMLC</subfield>
</datafield>
<datafield tag="066" ind1=" " ind2=" ">
<subfield code="c">(3</subfield>
</datafield>
<datafield tag="090" ind1=" " ind2=" ">
<subfield code="a">DS99.D32</subfield>
<subfield code="b">K5</subfield>
</datafield>
<datafield tag="100" ind1="1" ind2=" ">
<subfield code="a">Khūlānī, ʻAbd al-Jabbār ibn ʻAbd Allāh,</subfield>
<subfield code="d">10th cent.</subfield>
</datafield>
<datafield tag="245" ind1="1" ind2="0">
<subfield code="6">880-01</subfield>
<subfield code="a">Tārīkh Dārīyā.</subfield>
</datafield>
<datafield tag="260" ind1=" " ind2=" ">
<subfield code="6">880-02</subfield>
<subfield code="c">1950.</subfield>
</datafield>
<datafield tag="300" ind1=" " ind2=" ">
<subfield code="a">152 p. :</subfield>
<subfield code="b">facsim. ;</subfield>
<subfield code="c">cm.</subfield>
</datafield>
<datafield tag="651" ind1=" " ind2="0">
<subfield code="a">Dera (Syria)</subfield>
<subfield code="x">History.</subfield>
</datafield>
<datafield tag="880" ind1="1" ind2="0">
<subfield code="6">245-01/</subfield>
<subfield code="a">تاريخ داري:</subfield>
<subfield code="b">تأليف عبد الجبار الخولانى.</subfield>
</datafield>
<datafield tag="880" ind1=" " ind2=" ">
<subfield code="6">260-02/</subfield>
<subfield code="a">دمشق :</subfield>
<subfield code="b">مطبوعت المجمع العلى العربي,</subfield>
<subfield code="c">١٩٥٠.</subfield>
</datafield>
<datafield tag="OWN" ind1=" " ind2=" ">
<subfield code="a">GENERAL</subfield>
</datafield>
<datafield tag="998" ind1=" " ind2=" ">
<subfield code="a">20010429</subfield>
<subfield code="d">20010429</subfield>
<subfield code="d">20020317</subfield>
<subfield code="n">NNU</subfield>
<subfield code="s">6</subfield>
<subfield code="t">c</subfield>
<subfield code="z">p</subfield>
</datafield>
<datafield tag="AVA" ind1=" " ind2=" ">
<subfield code="a">NYU50</subfield>
<subfield code="b">BOBST</subfield>
<subfield code="c">Main Collection</subfield>
<subfield code="d">DS99.D32 K5</subfield>
<subfield code="e">unavailable</subfield>
<subfield code="t">Unavailable</subfield>
<subfield code="f">1</subfield>
<subfield code="g">1</subfield>
<subfield code="h">N</subfield>
<subfield code="i">0</subfield>
<subfield code="j">MAIN</subfield>
<subfield code="k">0</subfield>
</datafield>
</record>
